@Book{hartley2004, 
    author = "Hartley, Richard~I. and Zisserman, Andrew",
    title = "Multiple View Geometry in Computer Vision",
    edition = "Second",
    year = "2004",
    publisher = "Cambridge University Press"
}

@INPROCEEDINGS{4222568,
author={Nejati, Shiva and Sabetzadeh, Mehrdad and Chechik, Marsha and Easterbrook, Steve and Zave, Pamela},
booktitle={29th International Conference on Software Engineering (ICSE'07)}, 
title={Matching and Merging of Statecharts Specifications}, 
year={2007},
volume={},
number={},
pages={54-64},
doi={10.1109/ICSE.2007.50}}